@misc{Skaidres,
  author = "L. Giriūnas",
  title = "Paskaitų skaidrės",
  year = "2012",
  note = "http://db.tt/XhQhEGnP"
}

